@book{talfølgerogrækker,
    title={Talfølger og rækker},
    publisher={Systime},
    author={Carstensen, Jens},
    year={2008},
    pages={4-6},
    keywords={bøger}
}
@book{uendeligerækker,
    place={[Århus]},
%    edition={7},
    title={Uendelige rækker med historiske exempler},
    publisher={(Aarhus Universitet, Matematisk Institut)},
    author={Mejlbo, Lars C},
    year={1971},
    keywords={bøger}
}
@book{calculuswithanalyticgeometry,
    place={Harlow},
    title={Calculus with analytic geometry},
    publisher={Prentice Hall},
    author={Edwards, C. Henry and Penney, David E},
    year={2001},
    keywords={bøger}
}
@book{3blue1browntaylor,
    title={Taylor series | Chapter 11, Essence of calculus},
    url={https://youtu.be/3d6DsjIBzJ4},
    author={3Blue1Brown},
    year={2017},
    keywords={online}
}
@book{zackstartaylor,
    title={Dear Calculus 2 Students, This is why you're learning Taylor Series},
    url={https://youtu.be/eX1hvWxmJVE},
    author={Star, Zack},
    year={2020},
    keywords={online}
}
@book{alsholm1,
    title={Approksimation ved Taylorpolynomier},
    url={https://alsholm.dk/people/P.K.Alsholm/01905/Noter/taylor.pdf},
    author={Alsholm, Preben},
    year={2006},
    keywords={online}
}
@book{alsholm2,
    title={Taylorpolynomier og Taylors sætning},
    url={https://alsholm.dk/people/P.K.Alsholm/01906/Beamer/Artikel/uge10article.pdf},
    author={Alsholm, Preben},
    year={2008},
    keywords={online}
}
@book{uvm,
    title={Forberedelsesmateriale til stx-A-net MATEMATIK "Følger og rækker"},
    publisher={Undervisningsministeriet},
    year={2015},
    keywords={bøger}
}
